% Bibliography file for LLM Mafia Game research
% Add your references here in BibTeX format

@misc{llm-mafia-framework,
  title={LLM Mafia Game: A Framework for Studying AI Behavior in Social Deduction},
  author={Costa, Davi Bastos},
  year={2025},
  url={https://github.com/bastoscostadavi/llm-mafia-game}
}


%Multi-Agents Social Intelligence
@article{gao2024large,
  title={Large language models empowered agent-based modeling and simulation: a survey and perspectives},
  author={Gao, Chen and Lan, Xiaochong and Li, Nian and Yuan, Yuan and Ding, Jingtao and Zhou, Zhilun and Xu, Fengli and Li, Yong},
  journal={Humanities and Social Sciences Communications},
  volume={11},
  number={1},
  pages={1--24},
  year={2024},
  publisher={Nature Publishing Group},
  doi={10.1057/s41599-024-03611-3}
}

@inproceedings{guo2024large,
  title={Large Language Model based Multi-Agents: A Survey of Progress and Challenges},
  author={Guo, Taicheng and Chen, Xiuying and Wang, Yaqi and Chang, Ruidi and Pei, Shichao and Chawla, Nitesh V. and Wiest, Olaf and Zhang, Xiangliang},
  booktitle={Proceedings of the Thirty-Third International Joint Conference on Artificial Intelligence},
  pages={8048--8057},
  year={2024},
  organization={IJCAI},
  doi={10.24963/ijcai.2024/890}
}

@article{wang2024survey,
  title={A survey on large language model based autonomous agents},
  author={Wang, Lei and Ma, Chen and Feng, Xueyang and Zhang, Zeyu and Yang, Hao and Zhang, Jingsen and Chen, Zhiyuan and Tang, Jiakai and Chen, Xu and Lin, Yankai and Zhao, Wayne Xin and Wei, Zhewei and Wen, Ji-Rong},
  journal={Frontiers of Computer Science},
  volume={18},
  number={6},
  pages={186345},
  year={2024},
  publisher={Springer},
  doi={10.1007/s11704-024-40231-1}
}


%Benchmarks Limitations
@misc{banerjee2024vulnerability,
      title={The Vulnerability of Language Model Benchmarks: Do They Accurately Reflect True LLM Performance?}, 
      author={Sourav Banerjee and Ayushi Agarwal and Eishkaran Singh},
      year={2024},
      eprint={2412.03597},
      archivePrefix={arXiv},
      primaryClass={cs.CL},
      url={https://arxiv.org/abs/2412.03597}, 
}

@article{pan2025benchmarks,
  title={When Benchmarks Talk: Re-Evaluating Code LLMs with Interactive Feedback},
  author={Pan, Jane and Shar, Ryan and Pfau, Jacob and Talwalkar, Ameet and He, He and Chen, Valerie},
  journal={arXiv preprint arXiv:2502.18413},
  year={2025}
}

%limitations
@article{hou2024egosocialarena,
  title        = {EgoSocialArena: Benchmarking the Social Intelligence of Large Language Models from a First-person Perspective},
  author       = {Guiyang Hou and Wenqi Zhang and Yongliang Shen and Zeqi Tan and Sihao Shen and Weiming Lu},
  journal      = {arXiv preprint arXiv:2410.06195},
  year         = {2024},
  url          = {https://arxiv.org/abs/2410.06195}
}

%Games and AI
@article{silver2016mastering,
  title={Mastering the game of Go with deep neural networks and tree search},
  author={Silver, David and Huang, Aja and Maddison, Chris J and Guez, Arthur and Sifre, Laurent and Van Den Driessche, George and Schrittwieser, Julian and Antonoglou, Ioannis and Panneershelvam, Veda and Lanctot, Marc and others},
  journal={Nature},
  volume={529},
  number={7587},
  pages={484--489},
  year={2016},
  publisher={Nature Publishing Group},
  doi={10.1038/nature16961}
}

%Games
@book{huizinga1938homo,
  title={Homo Ludens: A Study of the Play-Element in Culture},
  author={Huizinga, Johan},
  year={1938},
  publisher={Routledge \& Kegan Paul}
}


%LLM games
@article{akata2025playing,
  title={Playing repeated games with large language models},
  author={Akata, Elif and Schulz, Lion and Coda-Forno, Julian and Oh, Seong Joon and Bethge, Matthias and Schulz, Eric},
  journal={Nature Human Behaviour},
  volume={9},
  pages={1380--1390},
  year={2025},
  publisher={Nature Publishing Group},
  doi={10.1038/s41562-025-02172-y}
}

%Werewolf/Mafia LLM
@article{bailis2024werewolfarena,
  title        = {Werewolf Arena: A Case Study in LLM Evaluation via Social Deduction},
  author       = {Bailis, Suma and Friedhoff, Jane and Chen, Feiyang},
  journal      = {arXiv preprint arXiv:2407.13943},
  year         = {2024},
  url          = {https://arxiv.org/abs/2407.13943}
}

@article{jin2024onuw,
  title        = {Learning to Discuss Strategically: A Case Study on One Night Ultimate Werewolf},
  author       = {Xuanfa Jin and Ziyan Wang and Yali Du and Meng Fang and Haifeng Zhang and Jun Wang},
  journal      = {arXiv preprint arXiv:2405.19946},
  year         = {2024},
  url          = {https://arxiv.org/abs/2405.19946}
}

@article{xu2023languageagents,
  title        = {Language Agents with Reinforcement Learning for Strategic Play in the Werewolf Game},
  author       = {Zelai Xu and Chao Yu and Fei Fang and Yu Wang and Yi Wu},
  journal      = {arXiv preprint arXiv:2310.18940},
  year         = {2023},
  note         = {Uses Werewolf as a social-deduction testbed},
  url          = {https://arxiv.org/abs/2310.18940}
}

@article{shibata2023deepwolf,
  title        = {Playing the Werewolf Game with Artificial Intelligence for Language Understanding},
  author       = {Shibata, Hisaichi and Miki, Soichiro and others},
  journal      = {arXiv preprint arXiv:2302.10646},
  year         = {2023},
  url          = {https://arxiv.org/abs/2302.10646}
}

@article{wu2024thinker,
  title        = {Enhance Reasoning for Large Language Models in the Game Werewolf},
  author       = {Wu, Shuang and Zhu, Liwen and Yang, Tao and Xu, Shiwei and Fu, Qiang and Wei, Yang and Fu, Haobo},
  journal      = {arXiv preprint arXiv:2402.02330},
  year         = {2024},
  url          = {https://arxiv.org/abs/2402.02330}
}

@article{du2024helmsman,
  title        = {Helmsman of the Masses? Evaluate the Opinion Leadership of Large Language Models in the Werewolf Game},
  author       = {Du, Silin and Zhang, Xiaowei},
  journal      = {arXiv preprint arXiv:2404.01602},
  year         = {2024},
  url          = {https://arxiv.org/abs/2404.01602}
}

@inproceedings{xu2025lspo,
  title        = {Learning Strategic Language Agents in the Werewolf Game with Iterative Latent Space Policy Optimization},
  author       = {Xu, Zelai and Gu, Wanjun and Yu, Chao and Wu, Yi and Wang, Yu},
  booktitle    = {Proceedings of the 42nd International Conference on Machine Learning (ICML)},
  year         = {2025},
  series       = {Proceedings of Machine Learning Research},
  volume       = {267},
  url          = {https://nicsefc.ee.tsinghua.edu.cn/nics_file/pdf/a58b31ba-3651-4d3e-8ef2-08b197acefb5.pdf}
}

@article{nakamori2025strategy,
  title        = {Strategy Adaptation in Large Language Model Werewolf Agents},
  author       = {Nakamori, Fumiya and Kano, Yoshinobu and Watanabe, Neo and others},
  journal      = {arXiv preprint arXiv:2507.12732},
  year         = {2025},
  url          = {https://arxiv.org/abs/2507.12732}
}

@article{lai2022werewolfamongus,
  title        = {Werewolf Among Us: A Multimodal Dataset for Modeling Persuasion Behaviors in Social Deduction Games},
  author       = {Lai, Brian and Zhang, Haofan and Liu, Ming and Pariani, Andrea and Ryan, Francesca and Jia, Weizhe and Hayati, Shirley Anugrah and Rehg, James M. and Yang, Diyi},
  journal      = {arXiv preprint arXiv:2212.08279},
  year         = {2022},
  url          = {https://arxiv.org/abs/2212.08279}
}



%Theory-of-mind
@article{strachan2024,
  title={Testing theory of mind in large language models and humans},
  author={Strachan, James W. A. and Albergo, Dalila and Borghini, Giulia and Pansardi, Oriana and Scaliti, Eugenio and Gupta, Saurabh and Saxe, Rebecca and Rufo, Alessandro and Panzeri, Stefano},
  journal={Nature Human Behaviour},
  volume={8},
  number={7},
  pages={1285--1295},
  year={2024},
  publisher={Nature Publishing Group},
  doi={10.1038/s41562-024-01882-z}
}


%Deception AI Safety
@misc{park2023,
      title={AI Deception: A Survey of Examples, Risks, and Potential Solutions}, 
      author={Peter S. Park and Simon Goldstein and Aidan O'Gara and Michael Chen and Dan Hendrycks},
      year={2023},
      eprint={2308.14752},
      archivePrefix={arXiv},
      primaryClass={cs.CY},
      url={https://arxiv.org/abs/2308.14752}, 
}

@misc{evans2021truthful,
      title={Truthful AI: Developing and governing AI that does not lie}, 
      author={Owain Evans and Owen Cotton-Barratt and Lukas Finnveden and Adam Bales and Avital Balwit and Peter Wills and Luca Righetti and William Saunders},
      year={2021},
      eprint={2110.06674},
      archivePrefix={arXiv},
      primaryClass={cs.CY},
      url={https://arxiv.org/abs/2110.06674}, 
}



%Adversarial debate
@article{irving2018ai,
  title={AI safety via debate},
  author={Irving, Geoffrey and Christiano, Paul and Amodei, Dario},
  journal={arXiv preprint arXiv:1805.00899},
  year={2018}
}



#From unobservables to observables:

@book{bunge1973philosophy,
  title={Philosophy of Physics},
  author={Bunge, Mario},
  year={1973},
  publisher={D. Reidel Publishing Company},
  address={Dordrecht, Holland},
  series={Synthese Library},
  volume={45}
}

@misc{costa2021benefitsmarriagesearchstrategy,
      title={Benefits of marriage as a search strategy}, 
      author={Davi B. Costa},
      year={2021},
      eprint={2108.04885},
      archivePrefix={arXiv},
      primaryClass={econ.TH},
      url={https://arxiv.org/abs/2108.04885}, 
}

%Github repo
@misc{minimafia2025,
  author = {Costa, Davi Bastos},
  title = {{Mini-Mafia: LLM Benchmarking for Deception, Detection, and Disclosure}},
  year = {2025},
  publisher = {GitHub},
  journal = {GitHub repository},
  howpublished = {\url{https://github.com/bastoscostadavi/llm-mafia-game}}
}

%Laplace'rule of succession
@book{Laplace1812,
  author    = {Pierre-Simon Laplace},
  title     = {Th{\'e}orie Analytique des Probabilit{\'e}s},
  publisher = {Courcier},
  address   = {Paris},
  year      = {1812},
  note      = {See Livre II, Chapitre VI for the rule of succession. Reprinted with additions, 2nd ed. 1814; English translation in A.~I.~Dale (ed.), {\em Pierre-Simon Laplace: Philosophical Essay on Probabilities}, Springer, 1995.}
}


