% Bibliography file for LLM Mafia Game research
% Add your references here in BibTeX format

@misc{llm-mafia-framework,
  title={LLM Mafia Game: A Framework for Studying AI Behavior in Social Deduction},
  author={Costa, Davi Bastos},
  year={2025},
  url={https://github.com/bastoscostadavi/llm-mafia-game}
}

% Example entries - replace with actual references
@article{brown2020language,
  title={Language models are few-shot learners},
  author={Brown, Tom and Mann, Benjamin and Ryder, Nick and Subbiah, Melanie and Kaplan, Jared D and Dhariwal, Prafulla and Neelakantan, Arvind and Shyam, Pranav and Saxena, Girish and Arora, Sandhini and others},
  journal={Advances in neural information processing systems},
  volume={33},
  pages={1877--1901},
  year={2020}
}

@article{anthropic2024claude,
  title={Claude 3 Model Card},
  author={Anthropic},
  journal={Anthropic AI Safety Research},
  year={2024}
}

% Add more references as needed